@book{treveil2020introducing,
    title={Introducing MLOps},
    author={Treveil, M. and Omont, N. and Stenac, C. and Lefevre, K. and Phan, D. and Zentici, J. and Lavoillotte, A. and Miyazaki, M. and Heidmann, L.},
    isbn={9781098116446},
    url={https://books.google.be/books?id=BioMEAAAQBAJ},
    year={2020},
    publisher={O'Reilly Media}
}
@book{gift2021practical,
    title={Practical MLOps},
    author={Gift, N. and Deza, A.},
    isbn={9781098102982},
    url={https://books.google.be/books?id=J99CEAAAQBAJ},
    year={2021},
    publisher={O'Reilly Media}
}
@INPROCEEDINGS{mlops-definition-tools-and-challenge,
    author={Symeonidis, Georgios and Nerantzis, Evangelos and Kazakis, Apostolos and Papakostas, George A.},
    booktitle={2022 IEEE 12th Annual Computing and Communication Workshop and Conference (CCWC)},
    title={MLOps - Definitions, Tools and Challenges},
    year={2022},
    volume={},
    number={},
    pages={0453-0460},
    keywords={Training;Conferences;Computational modeling;Machine learning;Production;Market research;Robustness;MLOps;AutoML;machine learning;Deployment;re-training;monitoring;explainability;robustness;sustainability;fairness},
    doi={10.1109/CCWC54503.2022.9720902}
}
@INPROCEEDINGS{mlops-maturity-model,
    author={John, Meenu Mary and Olsson, Helena Holmström and Bosch, Jan},
    booktitle={2021 47th Euromicro Conference on Software Engineering and Advanced Applications (SEAA)},
    title={Towards MLOps: A Framework and Maturity Model},
    year={2021},
    volume={},
    number={},
    pages={1-8},
    keywords={Embedded systems;Systematics;Bibliographies;Companies;Machine learning;Software;Software engineering;MLOps;Framework;Maturity Model;SLR;GLR;Validation Study},
    doi={10.1109/SEAA53835.2021.00050}
}
@article{DBLP:journals/corr/abs-2103-08942,
    author       = {Sasu M{\"{a}}kinen and
                  Henrik Skogstr{\"{o}}m and
                  Eero Laaksonen and
                  Tommi Mikkonen},
    title        = {Who Needs MLOps: What Data Scientists Seek to Accomplish and How Can
                  MLOps Help?},
    journal      = {CoRR},
    volume       = {abs/2103.08942},
    year         = {2021},
    url          = {https://arxiv.org/abs/2103.08942},
    eprinttype    = {arXiv},
    eprint       = {2103.08942},
    timestamp    = {Tue, 23 Mar 2021 16:29:47 +0100},
    biburl       = {https://dblp.org/rec/journals/corr/abs-2103-08942.bib},
    bibsource    = {dblp computer science bibliography, https://dblp.org}
}
@ARTICLE{10855428,
    author={Woźniak, Adrian P. and Milczarek, Mateusz and Woźniak, Joanna},
    journal={IEEE Access},
    title={MLOps Components, Tools, Process, and Metrics: A Systematic Literature Review},
    year={2025},
    volume={13},
    number={},
    pages={22166-22175},
    keywords={Databases;Measurement;Systematic literature review;Computer architecture;Unified modeling language;Production;Reliability;Monitoring;DevOps;Containers;Architecture;machine learning operations;MLOps},
    doi={10.1109/ACCESS.2025.3534990}}
@ARTICLE{9792270,
    author={Testi, Matteo and Ballabio, Matteo and Frontoni, Emanuele and Iannello, Giulio and Moccia, Sara and Soda, Paolo and Vessio, Gennaro},
    journal={IEEE Access},
    title={MLOps: A Taxonomy and a Methodology},
    year={2022},
    volume={10},
    number={},
    pages={63606-63618},
    keywords={Pipelines;Production;Monitoring;Training;Business;Automation;Surgery;MLOps;continuous monitoring;continuous integration;continuous delivery;continuous training;XAI;sustainability},
    doi={10.1109/ACCESS.2022.3181730}}
